<?xml version="1.0" encoding="UTF-8"?><collection xmlns="http://www.loc.gov/MARC21/slim"><record><leader>00404nam--2200121-i-4500</leader><controlfield tag="001">000032809</controlfield><controlfield tag="002">20161230</controlfield><controlfield tag="005">20161230201039</controlfield><controlfield tag="008">060222s1000------------r-----000-0-eng-d</controlfield><datafield ind1=" " ind2=" " tag="100"><subfield code="a">Middelkoop Willem C</subfield></datafield><datafield ind1=" " ind2=" " tag="245"><subfield code="a">An experiment on the radiative capture in flight of pions in hydrogen and a measurement of the pi-pio mass difference</subfield></datafield><datafield ind1=" " ind2=" " tag="260"><subfield code="a">Amsterdam, Drukkerij Wedg.Van Soest, 1962. 78p</subfield></datafield><datafield ind1=" " ind2=" " tag="852"><subfield code="a">19098</subfield></datafield></record></collection>